<record><leader>00000cas a22000007a 4500</leader><controlfield tag="001">10383360</controlfield><controlfield tag="008">840207d18701887ctuwr ne      0    0eng d</controlfield><datafield ind1=" " ind2=" " tag="010"><subfield code="a">sn 84022380 </subfield></datafield><datafield ind1=" " ind2=" " tag="040"><subfield code="a">NPX</subfield><subfield code="b">eng</subfield><subfield code="c">NPX</subfield><subfield code="d">CNW</subfield><subfield code="d">OCLCQ</subfield><subfield code="d">OCLCO</subfield><subfield code="d">OCLCF</subfield></datafield><datafield ind1="1" ind2=" " tag="029"><subfield code="a">AU@</subfield><subfield code="b">000020414388</subfield></datafield><datafield ind1=" " ind2=" " tag="042"><subfield code="a">msc</subfield></datafield><datafield ind1=" " ind2=" " tag="043"><subfield code="a">n-us-ct</subfield></datafield><datafield ind1="0" ind2="0" tag="245"><subfield code="a">South Norwalk sentinel.</subfield></datafield><datafield ind1=" " ind2=" " tag="260"><subfield code="a">South Norwalk, Conn. :</subfield><subfield code="b">South Norwalk Print. Co.</subfield></datafield><datafield ind1=" " ind2=" " tag="300"><subfield code="a">v.</subfield></datafield><datafield ind1=" " ind2=" " tag="310"><subfield code="a">Weekly</subfield></datafield><datafield ind1="0" ind2=" " tag="362"><subfield code="a">Vol. 1, no. 1 (Nov. 17, 1870)-no. 890 (Dec. 23, 1887).</subfield></datafield><datafield ind1=" " ind2=" " tag="500"><subfield code="a">Editors: C.V. Arnold, &lt;1870&gt;; H.E. Wing, H.N. Durney, &lt;1871-1874&gt;; J. Golden, &lt;1875&gt;; James Golden, R.H. Golden, John Golden, &lt;1875-1876&gt;.</subfield></datafield><datafield ind1=" " ind2=" " tag="500"><subfield code="a">Publishers: E.A. Horton, &lt;1870&gt;; Horton &amp; Golden, 1873-1874; Golden Brothers, &lt;1875-1876&gt;.</subfield></datafield><datafield ind1=" " ind2=" " tag="500"><subfield code="a">"Independent."</subfield></datafield><datafield ind1=" " ind2=" " tag="515"><subfield code="a">Issues for Nov. 16, 1871- also called: Whole no. 53-</subfield></datafield><datafield ind1=" " ind2=" " tag="530"><subfield code="a">Also issued on microfilm from Yale University, New Haven, Conn.</subfield></datafield><datafield ind1=" " ind2=" " tag="580"><subfield code="a">Daily eds.: South Norwalk daily sentinel, Sept. 20-22, 1871, and: Evening sentinel (South Norwalk, Conn.), Dec. 3-23, 1887.</subfield></datafield><datafield ind1=" " ind2="0" tag="651"><subfield code="a">South Norwalk (Norwalk, Conn.)</subfield><subfield code="v">Newspapers.</subfield></datafield><datafield ind1=" " ind2="0" tag="651"><subfield code="a">Norwalk (Conn.)</subfield><subfield code="v">Newspapers.</subfield></datafield><datafield ind1=" " ind2="7" tag="655"><subfield code="a">Newspapers.</subfield><subfield code="2">fast</subfield><subfield code="0">(OCoLC)fst01423814</subfield></datafield><datafield ind1=" " ind2="7" tag="651"><subfield code="a">Connecticut</subfield><subfield code="z">Norwalk.</subfield><subfield code="2">fast</subfield><subfield code="0">(OCoLC)fst01209529</subfield></datafield><datafield ind1=" " ind2="7" tag="651"><subfield code="a">Connecticut</subfield><subfield code="z">Norwalk</subfield><subfield code="z">South Norwalk.</subfield><subfield code="2">fast</subfield><subfield code="0">(OCoLC)fst01319693</subfield></datafield><datafield ind1=" " ind2=" " tag="752"><subfield code="a">United States</subfield><subfield code="b">Connecticut</subfield><subfield code="c">Fairfield</subfield><subfield code="d">South Norwalk.</subfield></datafield><datafield ind1="1" ind2=" " tag="775"><subfield code="t">South Norwalk daily sentinel</subfield><subfield code="w">(DLC)sn 94053098</subfield><subfield code="w">(OCoLC)30598296</subfield></datafield><datafield ind1="0" ind2="4" tag="785"><subfield code="t">Evening sentinel (South Norwalk, Conn.)</subfield><subfield code="w">(DLC)sn 93053956</subfield><subfield code="w">(OCoLC)27981650</subfield></datafield></record>